@article{roozenbeek,
  title={Susceptibility to misinformation about COVID-19 around the world},
  author={Roozenbeek, Jon and Schneider, Claudia and Dryhurst, Sarah and Kerr, John and Freeman, Alexandra L J and Recchia, Gabriel and van der Bles, Anne Marthe and van der Linden, Sander},
  year={2020},
},
@article{rodriguezrey,
  title={Psychological Impact of COVID-19 in Spain: Early Data Report},
  author={Rodriguez-Rey, Rocio and Garrido-Hernansaiz, Helena},
  year={2020},
},
@article{dryhurst,
  title={Risk perceptions of COVID-19 around the world},
  author={Dryhurst, Sarah and Schneider, Claudia and Kerr, John and Freeman, Alexandra and Recchia, Gabriel},
  year={2020},
}